@article{turing-machines,
  author  = {Alan Mathison Turing}, 
  title   = {On computable numbers, with an application to the Entscheidungsproblem},
  journal = {Proceedings of the London Mathematical Society},
  year    = 1937,
  series  = 2,
  volume  = 42
}

@inproceedings{braginsky2002,
  title        = {Rumor routing algorthim for sensor networks},
  author       = {Braginsky, D. and Estrin, D.},
  booktitle    = {Proceedings of the 1st ACM international workshop on Wireless sensor networks and applications},
  pages        = {22--31},
  year         = {2002},
  organization = {ACM}
}


@book{janlert2000,
  title     = {Datatyper och algoritmer},
  author    = {Janlert, L.E. and Wiberg, T.},
  isbn      = 9789144303017,
  year      = 2000,
  publisher = {Studentlitteratur}
}

@book{horstman2014,
  title     = {{BIG JAVA} Early Objects},
  author    = {Horstman, C. S.},
  isbn      = 9788126554010,
  year      = 2014,
  edition   = 5,
  publisher = {John Wiley \& Sons},
  address   = {New Dehli}
}

@book{sipser2012,
  title     = {Introduction to the Theory of Computation},
  author    = {Michael Sipser},
  isbn      = 9781133187790,
  year      = 2012,
  publisher = {Cengage Learning},
  address   = {Boston, USA}
}



@Manual{rlanguage,
    title        = {R: A Language and Environment for Statistical Computing},
    author       = {{R Core Team}},
    organization = {R Foundation for Statistical Computing},
    address      = {Vienna, Austria},
    year         = {2015},
    url          = {https://www.R-project.org/},
}

@Booklet{complex,
    title    = {Komplexitetsanalys - Exempel},
    author   = {Lockner, N.},
    address  = {Umeå University, Institute for Computer Science},
    month    = 2,
    year     = 2012
}

@booklet{roleplay,
  title        = {Objet-Oriented Analysis and Design Through Scenario Role-Play},
  author       = {Jürgen Börstler},
  address      = {Umeå University, Department of Computing Science, Umeå, Sweden},
  year         = 2004,
  howpublished = {\url{http://www8.cs.umu.se/kurser/5DV081/CRC_UMINF04.04.pdf}},
  note         = {accessed: 2016-04-24}
}

@misc{pumpprime,
  key          = {Pumpinglemma Prime Number},
  title        = {Penn Engineering, Course Homepage, Theory of Computation, David Matuszek},
  year         = 1996,
  howpublished = {\url{http://www.seas.upenn.edu/~cit596/notes/dave/pumping6.html/}},
  note         = {accessed: 2016-09-20}
}

@misc{mappingreduce,
  key          = {Mapping Reducibility},
  title        = {If A is mapping reducible to B then the complement of A is mapping reducible to the complement of B},
  year         = 2012,
  howpublished = {\url{http://cs.stackexchange.com/questions/1517/if-a-is-mapping-reducible-to-b-then-the-complement-of-a-is-mapping-reducible-to}},
  note         = {accessed: 2016-10-30}
}

@misc{induction,
  key          = {induction},
  title        = {Prove by induction that $n!>2^{n}$},
  year         = 2012,
  howpublished = {\url{http://math.stackexchange.com/questions/111146/prove-by-induction-that-n2n}},
  note         = {accessed: 2016-10-30}
}

@misc{universality,
  key          = {universality},
  title        = {Question about the decidability inclusion of context-free and regular language},
  year         = 2013,
  howpublished = {\url{https://www.reddit.com/r/compsci/comments/1mgl5y/question_about_the_decidability_inclusion_of/}},
  note         = {accessed: 2016-10-30}
}



@misc{graphviz,
    key          = {Graphviz},
    title        = {Graphviz - Graph Visualization Software},
    year         = {2016},
    howpublisched={\url{http://www.graphviz.org/}},
    note         ={accessed: 2016-09-20}
}